@book{Chandra2012,
    author="Chandra, Tapas Kumar",
    title="The Borel-Cantelli Lemma",
    year="2012",
    publisher="Springer India",
    address="India",
    isbn="978-81-322-0677-4",
    doi="10.1007/978-81-322-0677-4_1",
    url="https://doi.org/10.1007/978-81-322-0677-4_1"
}

