@book{tao2011introduction,
  title={An introduction to measure theory},
  author={Tao, Terence},
  volume={126},
  year={2011},
  publisher={American Mathematical Society Providence, RI}
}