@incollection {MR0382050, AUTHOR = {Erd\H{o}s, P. and Lov\'{a}sz, L.}, TITLE = {Problems and results on {$3$}-chromatic hypergraphs and some related questions}, BOOKTITLE = {Infinite and finite sets ({C}olloq., {K}eszthely, 1973; dedicated to {P}. {E}rd\H{o}s on his 60th birthday), {V}ol. {II}}, PAGES = {609--627. Colloq. Math. Soc. J\'{a}nos Bolyai, Vol. 10}, YEAR = {1975}, MRCLASS = {05C15}, MRNUMBER = {0382050}, MRREVIEWER = {A. C.-F. Liu}, }