@book{tenenbaum2015introduction,
  title={Introduction to analytic and probabilistic number theory},
  author={Tenenbaum, G{\'e}rald},
  volume={163},
  year={2015},
  publisher={American Mathematical Soc.}
}