@article{leighton1994packet,
  title={Packet routing and job-shop scheduling ino (congestion+ dilation) steps},
  author={Leighton, Frank Thomson and Maggs, Bruce M and Rao, Satish B},
  journal={Combinatorica},
  volume={14},
  number={2},
  pages={167--186},
  year={1994},
  publisher={Springer}
}