@book{Dong88,
  TITLE={基础集合论},
  AUTHOR={董延闿},
  YEAR={1988},
  PUBLISHER = {北京师范大学出版社},
}

@book{Li19,
  TITLE={代数学方法（第一卷）},
  AUTHOR={李文威},
  YEAR={2019},
  PUBLISHER = {高等教育出版社},
}